<record><leader>00000cas a2200000 a 4500</leader><controlfield tag="001">35201172</controlfield><controlfield tag="008">960807d19111941miuwr ne      0    0eng c</controlfield><datafield ind1=" " ind2=" " tag="010"><subfield code="a">sn 96076935 </subfield></datafield><datafield ind1=" " ind2=" " tag="040"><subfield code="a">MHN</subfield><subfield code="b">eng</subfield><subfield code="c">MHN</subfield><subfield code="d">OCL</subfield><subfield code="d">OCLCQ</subfield><subfield code="d">OCLCF</subfield><subfield code="d">OCLCO</subfield></datafield><datafield ind1="1" ind2=" " tag="029"><subfield code="a">AU@</subfield><subfield code="b">000012746014</subfield></datafield><datafield ind1=" " ind2=" " tag="042"><subfield code="a">pcc</subfield></datafield><datafield ind1=" " ind2=" " tag="043"><subfield code="a">n-us-mi</subfield></datafield><datafield ind1="0" ind2=" " tag="130"><subfield code="a">Fremont times-indicator (Fremont, Mich. : 1911)</subfield></datafield><datafield ind1="1" ind2="0" tag="245"><subfield code="a">Fremont times-indicator.</subfield></datafield><datafield ind1=" " ind2=" " tag="260"><subfield code="a">Fremont, Mich. :</subfield><subfield code="b">Times Pub. Co.</subfield></datafield><datafield ind1=" " ind2=" " tag="300"><subfield code="a">v.</subfield></datafield><datafield ind1=" " ind2=" " tag="310"><subfield code="a">Weekly</subfield></datafield><datafield ind1="0" ind2=" " tag="362"><subfield code="a">Vol. 1, no. 14 (Dec. 7, 1911)-v. 30, no. 18 (Dec. 31, 1941).</subfield></datafield><datafield ind1=" " ind2=" " tag="515"><subfield code="a">Dec. 7, 1911- Aug. 3, 1939 issues also called: Vol. 33, no. 13-v. 56, no. 13.</subfield></datafield><datafield ind1=" " ind2=" " tag="580"><subfield code="a">Formed by the union of: Fremont times (Fremont, Mich. : 1911), and: News-indicator &lt;title uncertain&gt;.</subfield></datafield><datafield ind1=" " ind2=" " tag="580"><subfield code="a">Merged with: Newaygo County news, to form: Fremont times-indicator and the Newaygo County news.</subfield></datafield><datafield ind1=" " ind2="0" tag="651"><subfield code="a">Fremont (Mich.)</subfield><subfield code="v">Newspapers.</subfield></datafield><datafield ind1=" " ind2="0" tag="651"><subfield code="a">Newaygo County (Mich.)</subfield><subfield code="v">Newspapers.</subfield></datafield><datafield ind1=" " ind2="7" tag="655"><subfield code="a">Newspapers.</subfield><subfield code="2">fast</subfield><subfield code="0">(OCoLC)fst01423814</subfield></datafield><datafield ind1=" " ind2="7" tag="651"><subfield code="a">Michigan</subfield><subfield code="z">Fremont.</subfield><subfield code="2">fast</subfield><subfield code="0">(OCoLC)fst01232907</subfield></datafield><datafield ind1=" " ind2="7" tag="651"><subfield code="a">Michigan</subfield><subfield code="z">Newaygo County.</subfield><subfield code="2">fast</subfield><subfield code="0">(OCoLC)fst01211486</subfield></datafield><datafield ind1=" " ind2=" " tag="752"><subfield code="a">United States</subfield><subfield code="b">Michigan</subfield><subfield code="c">Newaygo</subfield><subfield code="d">Fremont.</subfield></datafield><datafield ind1="1" ind2="4" tag="780"><subfield code="t">Fremont times (Fremont, Mich.: 1911)</subfield><subfield code="w">(DLC)sn 96076934</subfield><subfield code="w">(OCoLC)35197736</subfield></datafield><datafield ind1="1" ind2="4" tag="780"><subfield code="t">News-indicator</subfield></datafield><datafield ind1="1" ind2="7" tag="785"><subfield code="t">Newaygo County news</subfield></datafield><datafield ind1="1" ind2="7" tag="785"><subfield code="t">Fremont times-indicator and the Newaygo County news</subfield><subfield code="w">(DLC)sn 97063265</subfield><subfield code="w">(OCoLC)36547319</subfield></datafield></record>